<?xml version="1.0" encoding="UTF-8"?><collection xmlns="http://www.loc.gov/MARC21/slim"><record><leader>00478nam--2200169-i-4500</leader><controlfield tag="001">000014897</controlfield><controlfield tag="002">20161230</controlfield><controlfield tag="005">20170208102016</controlfield><controlfield tag="008">060222s1000------------r-----000-0-eng-d</controlfield><datafield ind1=" " ind2=" " tag="040"><subfield code="a">IFIN-HH</subfield></datafield><datafield ind1=" " ind2=" " tag="080"><subfield code="a">539.12.01:530.145:537.8</subfield></datafield><datafield ind1="1" ind2=" " tag="100"><subfield code="a">Barut, A.O</subfield></datafield><datafield ind1="1" ind2="0" tag="245"><subfield code="a">Electrodynamics and classical theory of fields and particles</subfield><subfield code="c">A.O. Barut</subfield></datafield><datafield ind1=" " ind2=" " tag="260"><subfield code="a">New York</subfield><subfield code="b">The MacMillan Company</subfield><subfield code="c">1964</subfield></datafield><datafield ind1=" " ind2=" " tag="300"><subfield code="a">XV + 235 P</subfield></datafield><datafield ind1=" " ind2=" " tag="852"><subfield code="a">19735</subfield><subfield code="c">530.14</subfield></datafield><datafield ind1=" " ind2=" " tag="CAT"><subfield code="a">SYS</subfield><subfield code="c">20170208</subfield><subfield code="h">102016</subfield></datafield></record></collection>